Created:  01/10/2015
author Julie Sewards
File name : references.bib


@online{
android-main,
    author = {Alex Franz and Thosten Brants},
    organization = {Google Machine Translation Team},
    url = {http://googleresearch.blogspot.com/2006/08/all-our-n-gram-are-belong-to-you.html},
    title = {All Our N-Gram are Belong to You},
    month = aug,
    year = {2006},
}
@inproceedings{schneier1998security,
  title={Security pitfalls in cryptography},
  author={Schneier, Bruce},
  booktitle={EDI FORUM-OAK PARK-},
  volume={11},
  pages={65--69},
  year={1998},
  organization={THE EDI GROUP, LTD.}
}
@inproceedings{das2014tangled,
  title={The Tangled Web of Password Reuse},
  author={Das, Anupam and Bonneau, Joseph and Caesar, Matthew and Borisov, Nikita and Wang, XiaoFeng},
  booktitle={Proceedings of NDSS},
  year={2014}
}

@misc{schneier1998crypto,
  title={Crypto-gram newsletter},
  author={Schneier, Bruce},
  year={1998},
  publisher={Schneier. com}
}

@ONLINE{scrum,
author = {Gupta, Mayank},
title = {Definition of Done: A Reference - Scrum Alliance},
month = sept,
year = {2008},
url = {https://www.scrumalliance.org/community/articles/2008/september/definition-of-done-a-reference}
}

@ONLINE{portecle,
author = {na},
title = {Portecle: Home},
month = sept,
year = {2014},
url = {http://portecle.sourceforge.net/}
}
@ONLINE{android_dev,
author = {na},
title = {Android Studio | Android Developers},
month = 
year = {2014},
url = {https://developer.android.com/sdk/installing/studio.html}
}

@article{Shabtai:2010:GAC:1803940.1804131,
 author = {Shabtai, Asaf and Fledel, Yuval and Kanonov, Uri and Elovici, Yuval and Dolev, Shlomi and Glezer, Chanan},
 title = {Google Android: A Comprehensive Security Assessment},
 journal = {IEEE Security and Privacy},
 issue_date = {March 2010},
 volume = {8},
 number = {2},
 month = mar,
 year = {2010},
 issn = {1540-7993},
 pages = {35--44},
 numpages = {10},
 url = {http://dx.doi.org/10.1109/MSP.2010.2},
 doi = {10.1109/MSP.2010.2},
 acmid = {1804131},
 publisher = {IEEE Educational Activities Department},
 address = {Piscataway, NJ, USA},
 keywords = {Android, Google, mobile devices, risk analysis, security, security solutions for mobile devices, security, mobile devices, Google, Android, risk analysis, security solutions for mobile devices},
}

@book{six2011application,
  title={Application Security for the Android Platform: Processes, Permissions, and Other Safeguards},
  author={Six, Jeff},
  year={2011},
  publisher={" O'Reilly Media, Inc."}
}
@article{JMEDSProtecting_Stored_Data_on_Android_Devices,
	author = {Raluca Cojocaru},
	title = {Protecting Stored Data on Android Devices},
	journal = {Journal of  Mobile, Embedded and Distributed Systems},
	volume = {6},
	number = {1},
	year = {2014},
	keywords = {permission, sandbox, isolation, cryptography, privacy},
	abstract = {According to the latest statistics, the Android has become the worldâ€™s most popular operating system used for smartphones. Not only its popularity continues to increase, but also the number of malicious hackers who want to compromise mobile applications for their own gain. This paper reviews the protections offered by the Android Platform for storing application data, and provides means to enforce them.},
	issn = {2067-4074},	url = {http://jmeds.eu/index.php/jmeds/article/view/Protecting_Stored_Data_on_Android_Devices}
}

@book{Gunasekera:2012:AAS:2381033,
 author = {Gunasekera, Sheran},
 title = {Android Apps Security},
 year = {2012},
 isbn = {1430240628, 9781430240624},
 edition = {1st},
 publisher = {Apress},
 address = {Berkely, CA, USA},
} 

@article{harney1997group,
  title={Group key management protocol (GKMP) architecture},
  author={Harney, Hugh},
  journal={Group},
  year={1997}
}

@incollection{
year={2003},
isbn={978-3-540-40674-7},
booktitle={Advances in Cryptology - CRYPTO 2003},
volume={2729},
series={Lecture Notes in Computer Science},
editor={Boneh, Dan},
doi={10.1007/978-3-540-45146-4_7},
title={Scalable Protocols for Authenticated Group Key Exchange},
url={http://dx.doi.org/10.1007/978-3-540-45146-4_7},
publisher={Springer Berlin Heidelberg},
author={Katz, Jonathan and Yung, Moti},
pages={110-125},
language={English}
}


STUFF I HAVEN'T MANAGED TO SORT OUT


http://ieeexplore.ieee.org/xpl/login.jsp?tp=&arnumber=5396322&url=http%3A%2F%2Fieeexplore.ieee.org%2Fstamp%2Fstamp.jsp%3Ftp%3D%26arnumber%3D5396322

http://www.cs.ncsu.edu/faculty/jiang/pubs/TRUST11.pdf

https://www.w3.org/2014/strint/papers/48.pdf

http://source.android.com/devices/tech/security/#android-platform-security-architecture

https://www.dropbox.com/developers/reference/devguide

http://agilemanifesto.org/

http://www.truststc.org/reu/10/Reports/WalkerM_paper.pdf

http://users.ece.cmu.edu/~adrian/projects/secmcast/secmcast.pdf

file:///D:/Users/Julie/Downloads/AnEnterpriseGuidetoKeyManagment_WP_(EN)_web.pdf

http://arxiv.org/ftp/arxiv/papers/1212/1212.2720.pdf

http://dcg.ethz.ch/publications/srds06.pdf

https://www.scrumalliance.org/community/articles/2008/september/definition-of-done-a-reference

https://www.hds.utc.fr/~ychallal/IJIT05.pdf

https://www.safemonk.com/security

https://www.boxcryptor.com/en/technical-overview

http://docs.oracle.com/javase/7/docs/technotes/guides/security/SunProviders.html  -  nt ure if I need to refer to a specific page or gut generically fir documentation type tings

http://googleresearch.blogspot.co.uk/2006/08/all-our-n-gram-are-belong-to-you.html

For web pages - just put today's date for date accessed.and I will edit it if necessary  - don't know if the stuff I have already done is right

Diagram I need is table 1 in here http://ieeexplore.ieee.org/stamp/stamp.jsp?tp=&arnumber=5396322

